
@article{
  Abitbol1999,
  title={Sex hormones and the female voice},
  volume={13},
  DOI={10.1016/s0892-1997(99)80048-4},
  note={Citation Key: Abitbol1999 tex.ids= abitbolSexHormonesFemale1999 PMID: 10498059},
  number={3},
  journal={Journal of Voice},
  author={Abitbol, Jean and Abitbol, Patrick and Abitbol, Béatrice},
  year={1999},
pages={424–446} }

@article{
  Ackerl2002,
  title={The scent of fear},
  volume={23},
  ISSN={0172-780X},
  note={Citation Key: Ackerl2002},
  number={2},
  journal={Neuroendocrinology Letters},
  author={Ackerl, Kerstin and Atzmueller, Michaela and Grammer, Karl},
  year={2002},
  month={Apr},
pages={79–84} }

@article{
  adamsDisgustPoliticsSex2014,
  title={Disgust and the politics of sex: exposure to a disgusting odorant increases politically conservative views on sex and decreases support for gay marriage},
  volume={9},
  ISSN={1932-6203},
  url={http://www.pubmedcentral.nih.gov/articlerender.fcgi?artid=4010392&tool=pmcentrez&rendertype=abstract},
  DOI={10.1371/journal.pone.0095572},
  number={5},
  journal={PLOS ONE},
  author={Adams, Thomas G and Stewart, Patrick A and Blanchar, John C},
  year={2014},
  month={Jan},
pages={e95572} }
