@InCollection{knitrcit,
  booktitle = {Implementing Reproducible Computational Research},
  editor = {Victoria Stodden and Friedrich Leisch and Roger D. Peng},
  title = {knitr: A Comprehensive Tool for Reproducible Research in {R}},
  author = {Yihui Xie},
  publisher = {{Chapman and Hall/CRC}},
  year = {2014},
  note = {ISBN 978-1466561595},
  doi = {10.1201/9781315373461-1},
  url = {http://www.crcpress.com/product/isbn/9781466561595},
}

@Manual{bbmlecit,
  title = {bbmle: Tools for General Maximum Likelihood Estimation},
  author = {Ben Bolker and {R Development Core Team}},
  year = {2023},
  note = {R package version 1.0.25.1},
  url = {https://CRAN.R-project.org/package=bbmle},
}

@Article{tidyversecit,
  title = {Welcome to the {tidyverse}},
  author = {Hadley Wickham and Mara Averick and Jennifer Bryan and Winston Chang and Lucy D'Agostino McGowan and Romain François and Garrett Grolemund and Alex Hayes and Lionel Henry and Jim Hester and Max Kuhn and Thomas Lin Pedersen and Evan Miller and Stephan Milton Bache and Kirill Müller and Jeroen Ooms and David Robinson and Dana Paige Seidel and Vitalie Spinu and Kohske Takahashi and Davis Vaughan and Claus Wilke and Kara Woo and Hiroaki Yutani},
  year = {2019},
  journal = {Journal of Open Source Software},
  volume = {4},
  number = {43},
  pages = {1686},
  doi = {10.21105/joss.01686},
}

@Manual{dplyrcit,
  title = {dplyr: A Grammar of Data Manipulation},
  author = {Hadley Wickham and Romain François and Lionel Henry and Kirill Müller and Davis Vaughan},
  year = {2023},
  note = {R package version 1.1.4},
  url = {https://CRAN.R-project.org/package=dplyr},
}

@Book{ggplotcit,
  author = {Hadley Wickham},
  title = {ggplot2: Elegant Graphics for Data Analysis},
  publisher = {Springer-Verlag New York},
  year = {2016},
  isbn = {978-3-319-24277-4},
  url = {https://ggplot2.tidyverse.org},
}

@Manual{kableExtracit,
  title = {kableExtra: Construct Complex Table with 'kable' and Pipe Syntax},
  author = {Hao Zhu},
  year = {2020},
  note = {R package version 1.3.1},
  url = {https://CRAN.R-project.org/package=kableExtra},
}

@Article{lmertestcit,
  title = {{lmerTest} Package: Tests in Linear Mixed Effects Models},
  author = {Alexandra Kuznetsova and Per B. Brockhoff and Rune H. B. Christensen},
  journal = {Journal of Statistical Software},
  year = {2017},
  volume = {82},
  number = {13},
  pages = {1--26},
  doi = {10.18637/jss.v082.i13},
}

@article{ludecke2021,
  title = {{performance}: An {R} Package for Assessment, Comparison and Testing of Statistical Models},
  author = {Daniel Lüdecke and Mattan S. Ben-Shachar and Indrajeet Patil and Philip Waggoner and Dominique Makowski},
  year = {2021},
  journal = {Journal of Open Source Software},
  volume = {6},
  number = {60},
  pages = {3139},
  doi = {10.21105/joss.03139}
}

@Manual{emmeanscit,
  title = {emmeans: Estimated Marginal Means, aka Least-Squares Means},
  author = {Russell V. Lenth},
  year = {2024},
  note = {R package version 1.10.3},
  url = {https://CRAN.R-project.org/package=emmeans},
}

@Article{osfrcit,
  title = {{osfr}: An {R} Interface to the Open Science Framework},
  author = {Aaron R. Wolen and Chris H.J. Hartgerink and Ryan Hafen and Brian G. Richards and Courtney K. Soderberg and Timothy P. York},
  journal = {Journal of Open Source Software},
  year = {2020},
  volume = {5},
  number = {46},
  pages = {2071},
  url = {https://doi.org/10.21105/joss.02071},
  doi = {10.21105/joss.02071},
}

@Article{factominercit,
  title = {{FactoMineR}: A Package for Multivariate Analysis},
  author = {S\'ebastien L\^e and Julie Josse and Fran\c{c}ois Husson},
  journal = {Journal of Statistical Software},
  year = {2008},
  volume = {25},
  number = {1},
  pages = {1--18},
  doi = {10.18637/jss.v025.i01},
}

@Manual{factoextracit,
  title = {factoextra: Extract and Visualize the Results of Multivariate Data Analyses},
  author = {Alboukadel Kassambara and Fabian Mundt},
  year = {2020},
  note = {R package version 1.0.7},
  url = {https://CRAN.R-project.org/package=factoextra},
}

@article{barrRandomEffectsStructure2013,
  title = {Random Effects Structure for Confirmatory Hypothesis Testing: {{Keep}} It Maximal},
  author = {Barr, Dale J. and Levy, Roger and Scheepers, Christoph and Tily, Harry J.},
  date = {2013-04},
  journaltitle = {Journal of Memory and Language},
  volume = {68},
  number = {3},
  pages = {255--278},
  issn = {0749596X},
  doi = {10.1016/j.jml.2012.11.001},
}

@incollection{akaikeInformationTheoryExtension1998,
  title = {Information {{Theory}} and an {{Extension}} of the {{Maximum Likelihood Principle}}},
  booktitle = {Selected {{Papers}} of {{Hirotugu Akaike}}},
  author = {Akaike, Hirotogu},
  editor = {Parzen, Emanuel and Tanabe, Kunio and Kitagawa, Genshiro},
  date = {1998},
  series = {Springer {{Series}} in {{Statistics}}},
  pages = {199--213},
  publisher = {Springer},
  location = {New York, NY},
  doi = {10.1007/978-1-4612-1694-0_15},
}

@article{akaikeNewLookStatistical1974,
  title = {A New Look at the Statistical Model Identification},
  author = {Akaike, Hirotogu},
  date = {1974-12},
  journaltitle = {IEEE Transactions on Automatic Control},
  volume = {19},
  number = {6},
  pages = {716--723},
  issn = {1558-2523},
  doi = {10.1109/TAC.1974.1100705},
}

@article{nakagawaGeneralSimpleMethod2013,
  title = {A General and Simple Method for Obtaining {{R}}{\textsuperscript{2}} from Generalized Linear Mixed-Effects Models},
  author = {Nakagawa, Shinichi and Schielzeth, Holger},
  date = {2013},
  journaltitle = {Methods in Ecology and Evolution},
  volume = {4},
  number = {2},
  pages = {133--142},
  issn = {2041-210X},
  doi = {10.1111/j.2041-210x.2012.00261.x},
}

@article{wagenmakersAICModelSelection2004,
  title = {{{AIC}} Model Selection Using {{Akaike}} Weights},
  author = {Wagenmakers, Eric-Jan and Farrell, Simon},
  date = {2004-02},
  journaltitle = {Psychonomic Bulletin \& Review},
  volume = {11},
  number = {1},
  pages = {192--196},
  issn = {1069-9384},
  doi = {10.3758/BF03206482},
  url = {http://www.springerlink.com/index/10.3758/BF03206482},
}

@article{kroesDemystifyingOmegaSquared2023,
  title = {Demystifying Omega Squared: {{Practical}} Guidance for Effect Size in Common Analysis of Variance Designs.},
  shorttitle = {Demystifying Omega Squared},
  author = {Kroes, Antoinette D. A. and Finley, Jason R.},
  date = {2023-07-20},
  journaltitle = {Psychological Methods},
  shortjournal = {Psychological Methods},
  issn = {1939-1463, 1082-989X},
  doi = {10.1037/met0000581},
}

@article{portetPrimerModelSelection2020,
  title = {A Primer on Model Selection Using the {{Akaike Information Criterion}}},
  author = {Portet, Stéphanie},
  date = {2020},
  journaltitle = {Infectious Disease Modelling},
  shortjournal = {Infectious Disease Modelling},
  volume = {5},
  pages = {111--128},
  issn = {24680427},
  doi = {10.1016/j.idm.2019.12.010},
}